% [Salas1999] Salas M, Hofman A, Stricker BH. Confounding by indication: an example of variation in the use of epidemiologic terminology. Am J Epidemiol. 1999 Jun 1;149(11):981-3. doi: 10.1093/oxfordjournals.aje.a009758. PMID: 10355372.
@article{salas1999confounding,
  title={Confounding by indication: an example of variation in the use of epidemiologic terminology},
  author={Salas, Maribel and Hotman, Albert and Stricker, Bruno H},
  journal={American journal of epidemiology},
  volume={149},
  number={11},
  pages={981--983},
  year={1999},
  publisher={Oxford University Press}
}

% [Kyriacou2016] Kyriacou DN, Lewis RJ. Confounding by Indication in Clinical Research. JAMA. 2016 Nov 1;316(17):1818-1819. doi: 10.1001/jama.2016.16435. PMID: 27802529.

@article{kyriacou2016confounding,
  title={Confounding by indication in clinical research},
  author={Kyriacou, Demetrios N and Lewis, Roger J},
  journal={Jama},
  volume={316},
  number={17},
  pages={1818--1819},
  year={2016},
  publisher={American Medical Association}
}

% [Joseph2014] Joseph KS, Mehrabadi A, Lisonkova S. Confounding by Indication and Related Concepts. Curr Epidemiol Rep. 2014 1:1–8. doi: 10.1007/s40471-013-0004-y

% [HHS2021] HHS Press Office. HHS Announces Synthetic Health Data Challenge Winners. September 21, 2021. \url{https://www.hhs.gov/about/news/2021/09/21/hhs-announces-synthetic-health-data-challenge-winners.html}
@misc{HHS2021,
    title={ HHS Announces Synthetic Health Data Challenge Winners},
    author={HHS Press Office},
    date={September 21, 2021},
    year={2021},
    publisher={U.S. Government Printing Office},
    url={https://www.hhs.gov/about/news/2021/09/21/hhs-announces-synthetic-health-data-challenge-winners.html}
}

@article{boutilier1999decision,
  title={Decision-theoretic planning: Structural assumptions and computational leverage},
  author={Boutilier, Craig and Dean, Thomas and Hanks, Steve},
  journal={Journal of Artificial Intelligence Research},
  volume={11},
  pages={1--94},
  year={1999}
}

@book{dean1991planning,
  title={Planning and Control},
  author={Dean, T.L. and Wellman, M.P.},
  isbn={9781558602090},
  lccn={91025600},
  series={Morgan Kaufmann series in representation and reasoning},
  url={https://books.google.com/books?id=cNFSAAAAMAAJ},
  year={1991},
  publisher={M. Kaufmann Publishers}
}
% [DynamicBayes2022] Wikipedia contributors. Dynamic Bayesian network. Wikipedia, The Free Encyclopedia. May 6, 2022, 08:16 UTC. Available at: \url{https://en.wikipedia.org/w/index.php?title=Dynamic_Bayesian_network&oldid=1086456685}. Accessed September 22, 2022.

@article{levine2020offline,
  title={Offline reinforcement learning: Tutorial, review, and perspectives on open problems},
  author={Levine, Sergey and Kumar, Aviral and Tucker, George and Fu, Justin},
  journal={arXiv preprint arXiv:2005.01643},
  year={2020}
}

@article{johnson2019billion,
  title={Billion-scale similarity search with {GPUs}},
  author={Johnson, Jeff and Douze, Matthijs and J{\'e}gou, Herv{\'e}},
  journal={IEEE Transactions on Big Data},
  volume={7},
  number={3},
  pages={535--547},
  year={2019},
  publisher={IEEE}
}

@misc{geffner2022,
  doi = {10.48550/ARXIV.2202.02195},
  url = {https://arxiv.org/abs/2202.02195},
  author = {Geffner, Tomas and Antoran, Javier and Foster, Adam and Gong, Wenbo and Ma, Chao and Kiciman, Emre and Sharma, Amit and Lamb, Angus and Kukla, Martin and Pawlowski, Nick and Allamanis, Miltiadis and Zhang, Cheng},
  title = {Deep End-to-end Causal Inference},
  publisher = {arXiv},
  year = {2022},
  copyright = {arXiv.org perpetual, non-exclusive license}
}

@book{koller2009,
  author = "Daphne Koller and Nir Friedman",
  title = "Probabilistic Graphical Models",
  year = "2009",
  publisher = "MIT Press"
  }

@article{heckerman1999,
  title={A Bayesian approach to causal discovery},
  author={Heckerman, David and Meek, Christopher and Cooper, Gregory},
  journal={Computation, causation, and discovery},
  volume={19},
  pages={141--166},
  year={1999}
}

@article{spirtes1991,
    author = "P. Spirtes and C. Glymour and R. Scheines",
    title = "An Algorithm for fast recovery of sparse causal graphs",
    journal = "Social Science Computer Review",
    volume = {9},
    pages = {62-72}
    }
https://www.overleaf.com/project/6320d76cfc87d79b8ebc7b00
@article{geffner2022deep,
  title={Deep End-to-end Causal Inference},
  author={Geffner, Tomas and Antoran, Javier and Foster, Adam and Gong, Wenbo and Ma, Chao and Kiciman, Emre and Sharma, Amit and Lamb, Angus and Kukla, Martin and Pawlowski, Nick and others},
  journal={arXiv preprint arXiv:2202.02195},
  year={2022}
}

@misc{OpenAIGym,
  Author = {Greg Brockman and Vicki Cheung and Ludwig Pettersson and Jonas Schneider and John Schulman and Jie Tang and Wojciech Zaremba},
  Title = {OpenAI Gym},
  Year = {2016},
  Eprint = {arXiv:1606.01540},
}

@article{synthea,
  title={Synthea: An approach, method, and software mechanism for generating synthetic patients and the synthetic electronic health care record},
  author={Jason Walonoski and Mark Kramer and Joseph Nichols and Andre Quina and Chris Moesel and Dylan Hall and Carlton Duffett and Kudakwashe Dube and Thomas Gallagher and Scott McLachlan},
  journal={Journal of the American Medical Informatics Association},
  volume={25(3)},
  pages={230–238},
  year={2017}
}

@article{gong2022rhino,
  title={Rhino: Deep Causal Temporal Relationship Learning With History-dependent Noise},
  author={Gong, Wenbo and Jennings, Joel and Zhang, Cheng and Pawlowski, Nick},
  journal={arXiv preprint arXiv:2210.14706},
  year={2022}
}

@misc{Swanzinna_2022,
  doi = {10.48550/ARXIV.2205.10629},
  url = {https://arxiv.org/abs/2205.10629},
  author = {Swazinna, Phillip and Udluft, Steffen and Runkler, Thomas},
  keywords = {Machine Learning (cs.LG), FOS: Computer and information sciences, FOS: Computer and information sciences},
  title = {User-Interactive Offline Reinforcement Learning},
  publisher = {arXiv},
  year = {2022},
  copyright = {arXiv.org perpetual, non-exclusive license}
}
